
@book{MatheWirtschaft2019,
	address = {Berlin, Heidelberg},
	title = {Mathematik für {Wirtschaftsinformatiker}: {Grundlagen} und {Anwendungen}},
	copyright = {http://www.springer.com/tdm},
	isbn = {978-3-662-59467-4 978-3-662-59468-1},
	shorttitle = {Mathematik für {Wirtschaftsinformatiker}},
	url = {http://link.springer.com/10.1007/978-3-662-59468-1},
	language = {de},
	urldate = {2024-10-28},
	publisher = {Springer},
	author = {Kohn, Wolfgang and Tamm, Ulrich},
	year = {2019},
	doi = {10.1007/978-3-662-59468-1},
	keywords = {Blockchain Wirtschaft, Graphentheorie Ökonomen, Kontrollkodierung, Mathe Anwendungen Wirtschaftsinformatik, Mathe Informatik Ökonomie, Mathe Wirtschaftsinformatik, Neuronale Netze Informatik, neuronale Netze Wirtschaft, RSA-Verschlüsselung, Wirtschaft Kryptologie},
	file = {Full Text PDF:/Users/tomke/Zotero/storage/L6S6Y4NW/Kohn und Tamm - 2019 - Mathematik für Wirtschaftsinformatiker Grundlagen und Anwendungen.pdf:application/pdf},
}

@book{bernsteinMesselektronikUndSensoren2024,
	address = {Wiesbaden},
	title = {Messelektronik und {Sensoren}: {Grundlagen} der {Messtechnik}, {Sensoren}, analoge und digitale {Signalverarbeitung}},
	copyright = {https://www.springernature.com/gp/researchers/text-and-data-mining},
	isbn = {978-3-658-38928-4 978-3-658-38929-1},
	shorttitle = {Messelektronik und {Sensoren}},
	url = {https://link.springer.com/10.1007/978-3-658-38929-1},
	language = {de},
	urldate = {2024-10-29},
	publisher = {Springer Fachmedien},
	author = {Bernstein, Herbert},
	year = {2024},
	doi = {10.1007/978-3-658-38929-1},
	keywords = {Analogtechnik, Anlagenbau, Automation, Automatisierungstechnik, Digitalisierung, Digitaltechnik, E-Technik, Elektronik, Elektrotechnik, Energietechnik, Fahrzeugtechnik, Industrie 4.0, Maschinenbau, Messtechnik, Regelung, Regelungstechnik, Sensorik, Signal, Steuerung, Umwelttechnik},
	file = {Full Text PDF:/Users/tomke/Zotero/storage/C2DRP4ZS/Bernstein - 2024 - Messelektronik und Sensoren Grundlagen der Messtechnik, Sensoren, analoge und digitale Signalverarb.pdf:application/pdf},
}

@book{merothSensornetzwerkeTheorieUnd2018,
	address = {Wiesbaden},
	title = {Sensornetzwerke in {Theorie} und {Praxis}},
	copyright = {http://www.springer.com/tdm},
	isbn = {978-3-658-18385-1 978-3-658-18386-8},
	url = {http://link.springer.com/10.1007/978-3-658-18386-8},
	language = {de},
	urldate = {2024-10-29},
	publisher = {Springer Fachmedien},
	author = {Meroth, Ansgar and Sora, Petre},
	year = {2018},
	doi = {10.1007/978-3-658-18386-8},
	keywords = {Arduino, Atmel, Automobiltechnik, Automotive, AVR-Familie, CAN, digital, Digitaltechnik, Elektronik, Elektrotechnik, Embedded Systems, Entwicklung, Funk, LIN, Mikrocontroller, Netzwerke, Progammierung C, Senstortechnik},
	file = {Full Text PDF:/Users/tomke/Zotero/storage/G2GKWUN2/Meroth und Sora - 2018 - Sensornetzwerke in Theorie und Praxis.pdf:application/pdf},
}

@book{meyerSignalverarbeitungAnalogeUnd2014,
	address = {Wiesbaden},
	title = {Signalverarbeitung: {Analoge} und digitale {Signale}, {Systeme} und {Filter}},
	copyright = {https://www.springernature.com/gp/researchers/text-and-data-mining},
	isbn = {978-3-658-02611-0 978-3-658-02612-7},
	shorttitle = {Signalverarbeitung},
	url = {https://link.springer.com/10.1007/978-3-658-02612-7},
	language = {de},
	urldate = {2024-10-29},
	publisher = {Springer Fachmedien},
	author = {Meyer, Martin},
	year = {2014},
	doi = {10.1007/978-3-658-02612-7},
	keywords = {Abtasttheorem, AC, AD, AD/DA-Wandlung, Aktive Filter, Amplitudequantisierung, Analoge Systeme, Bachelorstudium, Bandpass, Blockschaltbild, digital, Digitaltechnik, FFT, Filterentwurf, FIR-Filter;, Frequenzgang, Hurwitz, IFFT, Informationstechnik, Korrelation, Laplace, Modulation, Nachrichtentechnik, Phase-Locked-Loop, Phasenregelkreis, Regelkreis, Schaltbilder, Signal, Signaltransformationen, Übertragungstechnik, Z-Transformation},
	file = {Full Text PDF:/Users/tomke/Zotero/storage/SQB9KI5A/Meyer - 2014 - Signalverarbeitung Analoge und digitale Signale, Systeme und Filter.pdf:application/pdf},
}

@book{schnellBussystemeAutomatisierungsUnd2019,
	address = {Wiesbaden},
	title = {Bussysteme in der {Automatisierungs}- und {Prozesstechnik}: {Grundlagen}, {Systeme} und {Anwendungen} der industriellen {Kommunikation}},
	copyright = {http://www.springer.com/tdm},
	isbn = {978-3-658-23687-8 978-3-658-23688-5},
	shorttitle = {Bussysteme in der {Automatisierungs}- und {Prozesstechnik}},
	url = {http://link.springer.com/10.1007/978-3-658-23688-5},
	language = {de},
	urldate = {2024-10-30},
	publisher = {Springer Fachmedien},
	editor = {Schnell, Gerhard and Wiedemann, Bernhard},
	year = {2019},
	doi = {10.1007/978-3-658-23688-5},
	keywords = {Antriebstechnik, Automation, Automatisierung, Automatisierungstechnik, Bussystem, Elektrotechnik, Ethernet, Fabrik, Industrie, IP, Maschinenbau, Netzwerk, Profibus, Prozesstechnik, Przessautomation, Robotik, Sicherheit, System, USB},
	file = {Bussysteme in der Automatisierungs- und Prozesstechnik:/Users/tomke/Zotero/storage/YEIVWINB/Bussysteme in der Automatisierungs- und Prozesstechnik.pdf:application/pdf},
}

@incollection{schnellBeispieleAusgefuehrterBussysteme2019,
	address = {Wiesbaden},
	title = {Beispiele ausgeführter {Bussysteme}},
	isbn = {978-3-658-23688-5},
	url = {https://doi.org/10.1007/978-3-658-23688-5_4},
	abstract = {Auf der Basis der vorangegangenen theoretischen Erläuterungen werden im Folgenden reale Bussysteme beschrieben, angeordnet, wie es der Hierarchie in der Praxis entspricht. Hierbei werden auch Systeme erwähnt, die nicht mehr angeboten werden, aber als Langlebige Investitionen noch im Einsatz sind.},
	language = {de},
	urldate = {2024-10-30},
	booktitle = {Bussysteme in der {Automatisierungs}- und {Prozesstechnik}: {Grundlagen}, {Systeme} und {Anwendungen} der industriellen {Kommunikation}},
	publisher = {Springer Fachmedien},
	author = {Schnell, Gerhard and Wiedemann, Bernhard},
	editor = {Schnell, Gerhard and Wiedemann, Bernhard},
	year = {2019},
	doi = {10.1007/978-3-658-23688-5_4},
	pages = {151--337},
}

@incollection{schnellBeispieleAusgefuehrterBussysteme2019a,
	address = {Wiesbaden},
	title = {Beispiele ausgeführter {Bussysteme}},
	isbn = {978-3-658-23688-5},
	url = {https://doi.org/10.1007/978-3-658-23688-5_4},
	abstract = {Auf der Basis der vorangegangenen theoretischen Erläuterungen werden im Folgenden reale Bussysteme beschrieben, angeordnet, wie es der Hierarchie in der Praxis entspricht. Hierbei werden auch Systeme erwähnt, die nicht mehr angeboten werden, aber als Langlebige Investitionen noch im Einsatz sind.},
	language = {de},
	urldate = {2024-10-30},
	booktitle = {Bussysteme in der {Automatisierungs}- und {Prozesstechnik}: {Grundlagen}, {Systeme} und {Anwendungen} der industriellen {Kommunikation}},
	publisher = {Springer Fachmedien},
	author = {Schnell, Gerhard and Wiedemann, Bernhard},
	editor = {Schnell, Gerhard and Wiedemann, Bernhard},
	year = {2019},
	doi = {10.1007/978-3-658-23688-5_4},
	pages = {151--337},
}

@book{lawrenzCANControllerArea2016,
	address = {Berlin Offenbach},
	edition = {5., neu bearbeitete Auflage},
	title = {{CAN}: {Controller} {Area} {Network}: {Grundlagen}, {Design}, {Anwendungen}, {Testtechnik}},
	isbn = {978-3-8007-3805-2},
	shorttitle = {{CAN}},
	abstract = {CAN ist ein nachrichtenorientiertes Multi-Master-Protokoll für den schnellen, seriellen Datenaustausch und hat sich in zahlreichen Bereichen der Industrie – bei denen es auf hohe Robustheit und Datensicherheit sowie niedrige Kosten und eine breite Palette von Anbietern von Komponenten, zugehöriger Software und Werkzeugen ankommt – etabliert, beispielsweise in der Automobiltechnik (Vernetzung unterschiedlicher Steuergeräte, Sensoreinheiten und sogar Multimediaeinheiten), Automatisierungstechnik (zeitkritische Sensoren im Feld, überwachungstechnische Einrichtungen), Medizintechnik (Magnetresonanz- und Computertomographen, Laborgeräte etc.) oder in der Flugzeugtechnik (Vernetzung innerhalb von Avionik-Systemen) und Schifftechnik. -- Diese facettenreiche Entwicklung dokumentieren in der nunmehr 5. Auflage dieses erfolgreichen Fachbuches mehr als 40 kompetente Fachleute, die das Thema von allen Seiten beleuchten. -- Von der Architektur, über Hardware und Software bis zur Schnittstelle und zum Applikationsinterface wird CAN detailliert in allen seinen Bauformen beschrieben. Die Komplexität beim Design und der Realisierung von Netzwerken wird verständlich gemacht. Ein spannendes Kapitel über typische Anwendungen zeigt CAN als vernetztes System im Automobilbereich, als zeitgesteuertes fehlertolerantes Elektroniksystem und innerhalb hochkritischer Luftfahrtsysteme und gibt damit einen repräsentativen Überblick über die Vielseitigkeit von CAN. Einhergehend mit der Modularisierung heutiger Systeme gewinnt die Testtechnik an Bedeutung und nimmt entsprechenden Raum im Buch ein. -- Damit wird dem Entwickler von CAN-Systemen ein umfassendes Kompendium an die Hand gegeben, das ihm hilft, die an ihn gestellten Anforderungen effizienter zu erfüllen. Der Anwender wird Antworten auf die Fragen finden, die sich ihm im täglichen Umgang mit dem CANProtokoll und der Realisierung von CAN-Netzwerken stellen},
	language = {ger},
	publisher = {VDE Verlag},
	author = {Lawrenz, Wolfhard and Obermöller, Nils},
	year = {2016},
}
